@Article{epskamp2012,
    title = {{qgraph}: Network Visualizations of Relationships in Psychometric Data},
    author = {Sacha Epskamp and Ang\'elique O. J. Cramer and Lourens J. Waldorp and Verena D. Schmittmann and Denny Borsboom},
    journal = {Journal of Statistical Software},
    year = {2012},
    volume = {48},
    pages = {1--18},
    url = {http://www.jstatsoft.org/v48/i04/},
  }

@Manual{chang2015,
    title = {shiny: Web Application Framework for R},
    author = {Winston Chang and Joe Cheng and JJ Allaire and Yihui Xie and Jonathan McPherson},
    year = {2015},
    note = {R package version 0.11.1},
    url = {http://CRAN.R-project.org/package=shiny},
  }

@Manual{allaire2013,
    title = {shinyapps: Interface to ShinyApps},
    author = {JJ Allaire},
    year = {2013},
    note = {R package version 0.3.63},
  }

@conference{pearl1991,
author = {Pearl, Judea and Verma, Thomas S},
booktitle = {Knowledge Representation and Reasoning: Proceedings of the Second International Conference},
editor = {Allen, J and Fikes, R and Sandewall, E},
pages = {441--452},
publisher = {New York: Morgan Kaufmann Publishers},
title = {{A theory of inferred causation}},
year = {1991}
}


@article{opsahl2010,
  title={Node centrality in weighted networks: Generalizing degree and shortest paths},
  author={Opsahl, Tore and Agneessens, Filip and Skvoretz, John},
  journal={Social Networks},
  volume={32},
  number={3},
  pages={245--251},
  year={2010},
  publisher={Elsevier}
}

 @Article{csardi2006,
    title = {The igraph software package for complex network research},
    author = {Gabor Csardi and Tamas Nepusz},
    journal = {InterJournal, Complex Systems},
    volume = {1695},	
    pages = {1--9},
    year = {2006},
    url = {http://igraph.org},
  }

@article{barrat2004,
  title={The architecture of complex weighted networks},
  author={Barrat, Alain and Barthelemy, Marc and Pastor-Satorras, Romualdo and Vespignani, Alessandro},
  journal={Proceedings of the National Academy of Sciences of the United States of America},
  volume={101},
  pages={3747--3752},
  year={2004},
  publisher={National Acad Sciences}
}


@article{onnela2005,
  title={Intensity and coherence of motifs in weighted complex networks},
  author={Onnela, Jukka-Pekka and Saram{\"a}ki, Jari and Kert{\'e}sz, J{\'a}nos and Kaski, Kimmo},
  journal={Physical Review E},
  volume={71},
  pages={065103},
  year={2005},
  publisher={APS}
}


@article{zhang2005,
  title={A general framework for weighted gene co-expression network analysis},
  author={Zhang, Bin and Horvath, Steve},
  journal={Statistical Applications in Genetics and Molecular Biology},
  volume={4},
  doi={10.2202/1544-6115.1128},
  year={2005}
}


@article{watts1998,
  title={Collective dynamics of `small-world' networks},
  author={Watts, Duncan J and Strogatz, Steven H},
  journal={Nature},
  volume={393},
  pages={440--442},
  year={1998},
  publisher={Nature Publishing Group}
}

@misc{VanBorkulo2015,
author = {van Borkulo, Claudia D and Waldorp, Lourens J and Boschloo, Lynn and Kossakowski, Jolanda J and Tio, Pia and Schroevers, R and Borsboom, Denny},
title = {{Network Comparison Test}},
url = {https://github.com/cvborkulo},
year = {2015}
}

@article{watts1998,
author = {Watts, Duncan J and Strogatz, Steven H},
journal = {Nature},
pages = {440--442},
title = {{Collective dynamics of ‘small-world’ networks}},
volume = {393},
year = {1998}
}

@unpublished{kossakowski2015,
title={The application of a network approach to Health-Related Quality of Life ({HRQoL}): Introducing a new method for assessing HRQoL in healthy adults and cancer patient},
year = {2015},
author={Kossakowski, Jolanda J and Epskamp, Sacha and Kieffer, Jacobien M and van Borkulo, Claudia D and Rhemtulla, Mijke and Borsboom, Denny},
note = {Accepted for publication}}

@book{pearl2009,
  title={Causality},
  author={Pearl, Judea},
  year={2009},
  publisher={Cambridge university press}
}

@article{kalisch2012,
  title={Causal inference using graphical models with the R package pcalg},
  author={Kalisch, Markus and M{\"a}chler, Martin and Colombo, Diego and Maathuis, Marloes H and B{\"u}hlmann, Peter},
  journal={Journal of Statistical Software},
  volume={47},
  number={11},
  pages={1--26},
  year={2012}
}
